@article{Sayers:2019,
    author = {Sayers, E.W. and Cavanaugh, M. and Clark, K. and Ostell, J. and Pruitt, K.D. and Karsch-Mizrachi, I.},
    title = {GenBank},
    journal = {Nucleic Acids Research},
    year = 2019,
    month = October,
    doi = {10.1093/nar/gkz956},
    note = {gkz956},
}

@article{Rhoads:2015,
    author = {Rhoads, A. and Au, K.F.},
    title = {PacBio Sequencing and Its Applications},
    journal = {Genomics, Proteomics & Bioinformatics},
    year = 2015,
    month = October,
    volume = {13},
    issue = 5,
    pages = {278-279},
    doi = {10.1016/j.gpb.2015.08.002}
}

@article{Hebert:2018,
    author = {Hebert, P.D.N. and Braukmann, T.W.A. and Prosser, S.W.J. and Ratnasingham, S. and deWaard, J.R. and Ivanova, N.V. and Janzen, D.H. and Hallwachs, W. and Naik, S. and Sones, J.E. and Zakharov, E.V.},
    title = {A Sequel to Sanger: amplicon sequencing that scales},
    journal = {BMC Genomics},
    year = 2018,
    volume = {19},
    issue = 219,
    doi = {10.1186/s12864-018-4611-3}
}

@article{Chaisson:2012, 
    author = {Chaisson, M.J. and Tesler, G.},
    title = {Mapping single molecule sequencing reads using basic local alignment with successive refinement (BLASR): application and thory},
    journal = {BMC Bioinformatics},
    year = 2012,
    volume = {13},
    issue = 238,
    doi = {10.1186/1471-2105-13-238}
}

@article{Li:2018,
    author = {Li, H.},
    title = {Minimap2: pairwise alignment for nucleotide sequences},
    journal = {Bioinformatics},
    year = 2018,
    volume = {34},
    issue = 18,
    pages = {3094-3100},
    doi = {10.1093/bioinformatics/bty191}    
}


@article{Russell:2019,
    author = {Russell, A.B. and Elshina, E. and Kowalsky, J.R. and te Velthuis, A.J.W. and Bloom, J.D.},
    title = {Single-Cell Virus Sequencing of Influenza Infections That Trigger Innate Immunity},
    journal = {Journal of Virology},
    year = 2019,
    volume = {93},
    pages = {e00500-19},
    issue = 14,
    doi = {10.1128/JVI.00500-19}
}

@article{Matreyek:2018,
    author = {Matreyek, K.A. and Starita, L.M. and Stephany, J.J. and Martin, B. and Chiasson, M.A. and Gray, V.E. and Kircher, M. and Khechaduri, A. and Dines, J.N., and Hause, R.J. and Bhatia, S and Evans, W.E. and Relling, M.V. and Yang, W. and Shendure, J. and Fowler, D.M.},
    title = {Multiplex assessment of protein variant abundance by massively parallel sequencing},
    journal = {Nature Genetics},
    year = 2018,
    volume = {50},
    pages = {874-882},
    doi = {10.1038/s41588-018-0122-z}
}

@article{Fowler:2014,
    author = {Fowler, D.M. and Fields, S.},
    title = {Deep mutational scanning: a new style ofo protein science},
    journal = {Nature Methods},
    year = 2014,
    volume = {11},
    issue = 8,
    doi = {10.1038/nmeth.3027}   
}

@article{Hiatt:2010,
    author = {Hiatt, J.B. and Patwardhan, R.P. and Turner, E.H. and Lee, C. and Shendure, J.},
    title = {Parallel, tag-directed assembly of locally derived short sequence reads},
    journal = {Nature Methods},
    year = 2010,
    volume = {7},
    issue = 2,
    doi = {10.1038/nmeth.1416}
}

